@book{aguanno2004101,
  title={101 Ways to Reward Team Members for \$20 (or Less!)},
  author={Aguanno, Kevin},
  year={2004},
  publisher={Multi-Media Publications Inc.}
}

@article{andersen2007benchmarking,
  title={Benchmarking of project management office establishment: Extracting best practices},
  author={Andersen, Bj{\o}rn and Henriksen, Bj{\o}rnar and Aarseth, Wenche},
  journal={Journal of Management in Engineering},
  volume={23},
  number={2},
  pages={97--104},
  year={2007},
  publisher={American Society of Civil Engineers}
}

@inproceedings{benassi2011evaluating,
  title={EVALUATING METHODS FOR PRODUCT VISION WITH CUSTOMERS’INVOLVEMENT TO SUPPORT AGILE PROJECT MANAGEMENT},
  author={Benassi, Jo{\~a}o Lu{\'\i}s Guilherme and Junior, Ferreira and Dias, Lucelindo and Amaral, Daniel Capaldo and others},
  booktitle={DS 68-10: Proceedings of the 18th International Conference on Engineering Design (ICED 11), Impacting Society through Engineering Design, Vol. 10: Design Methods and Tools pt. 2, Lyngby/Copenhagen, Denmark, 15.-19.08. 2011},
  year={2011}
}

@misc{iffembrapii2016,
  author = "IFF",
  title = "Modelo de financiamento da Empresa Brasileira de Pesquisa e Inovação Industrial.",
  year = "2016",
  url = "http://portal1.iff.edu.br/nossos-campi/polo-de-inovacao-campos-dos-goytacazes/polo-embrapii-iffluminense/modelo-emprapii",
  note = "[Online; accessed 20-Maio-2016]"
}
