@book{aguanno2004101,
  title={101 Ways to Reward Team Members for \$20 (or Less!)},
  author={Aguanno, Kevin},
  year={2004},
  publisher={Multi-Media Publications Inc.}
}

@book{de2011elaboraccao,
  title={Elabora{\c{c}}{\~a}o de projeto, TCC, disserta{\c{c}}{\~a}o e tese: uma abordagem simples, pr{\'a}tica e objetiva .},
  author={de Souza Almeida, M{\'a}rio},
  year={2011},
  publisher={Editora Atlas SA}
}

@article{almeida2012fatores,
  title={Fatores cr{\'\i}ticos da agilidade no gerenciamento de projetos de desenvolvimento de novos produtos},
  author={Almeida, Lu{\'\i}s Fernando Magnanini and Conforto, Edivandro Carlos and Silva, S{\'e}rgio Lu{\'\i}s and Amaral, Daniel Capaldo},
  journal={Produto \& Produ{\c{c}}{\~a}o},
  volume={13},
  number={1},
  pages={93--113},
  year={2012}
}

@article{amaral2011gerenciamento,
  title={Gerenciamento {\'a}gil de projetos: aplica{\c{c}}{\~a}o em produtos inovadores},
  author={Amaral, Daniel C and CONFORTO, Edivandro Carlos and BENASSI, Jo{\~a}o Lu{\'\i}s Guilherme and Araujo, C de},
  journal={S{\~a}o Paulo: Saraiva},
  year={2011}
}

@article{andersen1996warning,
  title={Warning: activity planning is hazardous to your project's health!},
  author={Andersen, Erling S},
  journal={International Journal of Project Management},
  volume={14},
  number={2},
  pages={89--94},
  year={1996},
  publisher={Elsevier}
}

@article{atkinson2012global,
  title={The Global Innovation Policy Index},
  author={Atkinson, Robert D and Ezell, Stephen J and Stewart, Luke A},
  journal={Information Technology and Innovation Foundation and the Kauffman Foundation},
  volume={14},
  year={2012}
}

@book{augustine2005managing,
  title={Managing agile projects},
  author={Augustine, Sanjiv},
  year={2005},
  publisher={Prentice Hall PTR}
}

@article{baccarini1996concept,
  title={The concept of project complexity—a review},
  author={Baccarini, David},
  journal={International Journal of Project Management},
  volume={14},
  number={4},
  pages={201--204},
  year={1996},
  publisher={Elsevier}
}

@article{barlow2011overview,
  title={Overview and guidance on agile development in large organizations},
  author={Barlow, Jordan B and Giboney, Justin and Keith, Mark J and Wilson, David and Schuetzler, Ryan and Lowry, Paul Benjamin and Vance, Anthony},
  journal={Communications of the Association for Information Systems},
  volume={29},
  number={2},
  pages={25--44},
  year={2011}
}

@article{batra2010balancing,
  title={Balancing agile and structured development approaches to successfully manage large distributed software projects: A case study from the cruise line industry},
  author={Batra, Dinesh and Xia, Weidong and VanderMeer, Debra and Dutta, Kaushik},
  journal={Communications of the Association for Information Systems},
  volume={27},
  number={1},
  pages={21},
  year={2010}
}

@book{beck2000extreme,
  title={Extreme programming explained: embrace change},
  author={Beck, Kent},
  year={2000},
  publisher={addison-wesley professional}
}

@article{beck2001manifesto,
  title={Manifesto for agile software development},
  author={Beck, Kent and Beedle, Mike and Van Bennekum, Arie and Cockburn, Alistair and Cunningham, Ward and Fowler, Martin and Grenning, James and Highsmith, Jim and Hunt, Andrew and Jeffries, Ron and others},
  year={2001}
}

@inproceedings{benassi2011evaluating,
  title={EVALUATING METHODS FOR PRODUCT VISION WITH CUSTOMERS’INVOLVEMENT TO SUPPORT AGILE PROJECT MANAGEMENT},
  author={Benassi, Jo{\~a}o Lu{\'\i}s Guilherme and Junior, Ferreira and Dias, Lucelindo and Amaral, Daniel Capaldo and others},
  booktitle={DS 68-10: Proceedings of the 18th International Conference on Engineering Design (ICED 11), Impacting Society through Engineering Design, Vol. 10: Design Methods and Tools pt. 2, Lyngby/Copenhagen, Denmark, 15.-19.08. 2011},
  year={2011}
}

@inproceedings{benediktsson2005estimating,
  title={Estimating size in incremental software development projects},
  author={Benediktsson, Oddur and Dalcher, Darren},
  booktitle={Software, IEE Proceedings-},
  volume={152},
  number={6},
  pages={253--259},
  year={2005},
  organization={IET}
}

@article{berggren2008rethinking,
  title={Rethinking project management education: Social twists and knowledge co-production},
  author={Berggren, Christian and S{\"o}derlund, Jonas},
  journal={International Journal of Project Management},
  volume={26},
  number={3},
  pages={286--296},
  year={2008},
  publisher={Elsevier}
}

@article{berni2015interaccao,
  title={Intera{\c{c}}{\~a}o universidade-empresa para a inova{\c{c}}{\~a}o e a transfer{\^e}ncia de tecnologia},
  author={Berni, Jean Carlo Albiero and Gomes, Clandia Maffini and Perlin, Ana Paula and Kneipp, Jordana Marques and Frizzo, Kamila},
  journal={Revista Gest{\~a}o Universit{\'a}ria na Am{\'e}rica Latina-GUAL},
  volume={8},
  number={2},
  pages={258--277},
  year={2015}
}

@article{biazzo2009flexibility,
  title={Flexibility, structuration, and simultaneity in new product development},
  author={Biazzo, Stefano},
  journal={Journal of product innovation management},
  volume={26},
  number={3},
  pages={336--353},
  year={2009},
  publisher={Wiley Online Library}
}

@article{binder2014project,
  title={The Project Management Cocktail Model: An Approach for Balancing Agile and ISO 21500},
  author={Binder, Jean and Aillaud, Leon IV and Schilli, Lionel},
  journal={Procedia-Social and Behavioral Sciences},
  volume={119},
  pages={182--191},
  year={2014},
  publisher={Elsevier}
}

@article{boehm1988spiral,
  title={A spiral model of software development and enhancement},
  author={Boehm, Barry W},
  journal={Computer},
  volume={21},
  number={5},
  pages={61--72},
  year={1988},
  publisher={IEEE}
}

@article{boehm2003using,
  title={Using risk to balance agile and plan-driven methods},
  author={Boehm, Barry and Turner, Richard},
  journal={Computer},
  number={6},
  pages={57--66},
  year={2003},
  publisher={IEEE}
}

@inproceedings{boehm2004balancing,
  title={Balancing agility and discipline: Evaluating and integrating agile and plan-driven methods},
  author={Boehm, Barry and Turner, Richard},
  booktitle={Proceedings of the 26th international Conference on Software Engineering},
  pages={718--719},
  year={2004},
  organization={IEEE Computer Society}
}

@article{boehm2005management,
  title={Management challenges to implementing agile processes in traditional development organizations},
  author={Boehm, Barry and Turner, Richard},
  journal={Software, ieee},
  volume={22},
  number={5},
  pages={30--39},
  year={2005},
  publisher={IEEE}
}

@article{brasil2012ntextordmasculine,
  title={n{\textordmasculine}-11.892, de 29 de dezembro de 2008},
  author={Brasil, LEI},
  journal={Institui a Rede Federal de Educa{\c{c}}{\~a}o},
  year={2012}
}

@book{brown2008handbook,
  title={The handbook of program management: how to facilitate project success with optimal program management},
  author={Brown, James T},
  year={2008},
  publisher={McGraw-Hill New York, NY, USA}
}

@book{burke2013project,
  title={Project management: planning and control techniques},
  author={Burke, Rory},
  year={2013},
  publisher={New Jersey, USA}
}

@article{campbell2005knowledge,
  title={Knowledge production of firms: research networks and the" scientification" of business R\&D},
  author={Campbell, David FJ and Guttel, Wolfgang H},
  journal={International Journal of Technology Management},
  volume={31},
  number={1-2},
  pages={152--175},
  year={2005},
  publisher={Inderscience Publishers}
}

@article{cicmil2006new,
  title={New possibilities for project management theory: A critical engagement},
  author={Cicmil, Svetlana and Hodgson, Damian},
  journal={Project Management Journal},
  volume={37},
  number={3},
  pages={111},
  year={2006},
  publisher={Project Management Institute}
}

@article{Cicmil2006675,
  title = "Rethinking Project Management: Researching the actuality of projects ",
  journal = "International Journal of Project Management ",
  volume = "24",
  number = "8",
  pages = "675 - 686",
  year = "2006",
  note = "Rethinking Project Management ",
  issn = "0263-7863",
  doi = "http://dx.doi.org/10.1016/j.ijproman.2006.08.006",
  url = "http://www.sciencedirect.com/science/article/pii/S0263786306001244",
  author = "Svetlana Cicmil and Terry Williams and Janice Thomas and Damian Hodgson",
  keywords = "Actuality",
  keywords = "Practice",
  keywords = "Rationality",
  keywords = "Project management "
}

@article{cicmil2009exploring,
  title={Exploring the complexity of projects: Implications of complexity theory for project management practice},
  author={Cicmil, Svetlana JK and Cooke-Davies, Terry J and Crawford, Lynn H and Richardson, Kurt A},
  year={2009}
}

@book{charvat2003project,
  title={Project management methodologies: selecting, implementing, and supporting methodologies and processes for projects},
  author={Charvat, Jason},
  year={2003},
  publisher={John Wiley \& Sons}
}

@article{chiesa2007exploring,
  title={Exploring the differences in performance measurement between research and development: evidence from a multiple case study},
  author={Chiesa, Vittorio and Frattini, Federico},
  journal={R\&D Management},
  volume={37},
  number={4},
  pages={283--301},
  year={2007},
  publisher={Wiley Online Library}
}

@book{chin2004agile,
  title={Agile project management: how to succeed in the face of changing project requirements},
  author={Chin, Gary},
  year={2004},
  publisher={AMACOM Div American Mgmt Assn}
}

@article{chin2010defining,
  title={Defining \& classifying project management methodologies},
  author={Chin, CMM and Spowage, AC},
  journal={PM World Today},
  volume={12},
  number={5},
  pages={1--9},
  year={2010}
}

@article{clark2003sustaining,
  title={Sustaining change in universities: Continuities in case studies and concepts},
  author={Clark, Burton R},
  journal={Tertiary Education and Management},
  volume={9},
  number={2},
  pages={99--116},
  year={2003},
  publisher={Springer}
}

@book{cobb2011making,
  title={Making sense of agile project management: balancing control and agility},
  author={Cobb, Charles G},
  year={2011},
  publisher={John Wiley \& Sons}
}

@article{cockburn2000selecting,
  title={Selecting a project's methodology},
  author={Cockburn, Alistair},
  journal={IEEE software},
  volume={17},
  number={4},
  pages={64},
  year={2000},
  publisher={IEEE Computer Society}
}

@article{cockburn2002agile,
  title={Agile software development joins the" would-be" crowd},
  author={Cockburn, Alistair},
  journal={Cutter IT Journal},
  volume={15},
  number={1},
  pages={6--12},
  year={2002},
  publisher={CUTTER INFORMATION CORP.}
}

@book{cockburn2004crystal,
  title={Crystal clear: a human-powered methodology for small teams},
  author={Cockburn, Alistair},
  year={2004},
  publisher={Pearson Education}
}

@book{cockburn2006agile,
  title={Agile software development: the cooperative game},
  author={Cockburn, Alistair},
  year={2006},
  publisher={Pearson Education}
}

@book{cohen2010agile,
  title={Agile excellence for product managers: A guide to creating winning products with agile development teams},
  author={Cohen, Greg},
  year={2010},
  publisher={Happy About}
}

@book{cohn2005agile,
  title={Agile estimating and planning},
  author={Cohn, Mike},
  year={2005},
  publisher={Pearson Education}
}

@article{collyer2010aim,
  title={Aim, fire, aim—Project planning styles in dynamic environments},
  author={Collyer, Simon and Warren, Clive and Hemsley, Bronwyn and Stevens, Chris},
  journal={Project Management Journal},
  volume={41},
  number={4},
  pages={108--121},
  year={2010},
  publisher={Wiley Online Library}
}

@article{conforto2010evaluating,
  title={Evaluating an agile method for planning and controlling innovative projects},
  author={Conforto, Edivandro Carlos and Amaral, Daniel Capaldo},
  journal={Project Management Journal},
  volume={41},
  number={2},
  pages={73--80},
  year={2010},
  publisher={Wiley Online Library}
}

@article{Conforto2016660,
  title = "The agility construct on project management theory ",
  journal = "International Journal of Project Management ",
  volume = "34",
  number = "4",
  pages = "660 - 674",
  year = "2016",
  note = "",
  issn = "0263-7863",
  doi = "http://dx.doi.org/10.1016/j.ijproman.2016.01.007",
  url = "http://www.sciencedirect.com/science/article/pii/S0263786316000089",
  author = "Edivandro Carlos Conforto and Daniel Capaldo Amaral and Sergio Luis da Silva and Ariani Di Felippo and Dayse Simon L. Kamikawachi",
  keywords = "Agility construct",
  keywords = "Agility performance",
  keywords = "Project management",
  keywords = "Agile project management",
  keywords = "Frame semantics "
}

@inproceedings{coram2005impact,
  title={The impact of agile methods on software project management},
  author={Coram, Michael and Bohner, Shawn},
  booktitle={Engineering of Computer-Based Systems, 2005. ECBS'05. 12th IEEE International Conference and Workshops on the},
  pages={363--370},
  year={2005},
  organization={IEEE}
}

@article{dagnino2003relaccao,
  title={A rela{\c{c}}{\~a}o Universidade-Empresa: Coment{\'a}rios sobre um caso at{\'\i}pico},
  author={Dagnino, Renato and Gomes, Erasmo},
  journal={Gest{\~a}o \& Produ{\c{c}}{\~a}o},
  volume={10},
  number={3},
  pages={283--292},
  year={2003}
}

@article{dawson1998practical,
  title={Practical proposals for managing uncertainty and risk in project planning},
  author={Dawson, Ray J and Dawson, Christian W},
  journal={International Journal of Project Management},
  volume={16},
  number={5},
  pages={299--310},
  year={1998},
  publisher={Elsevier}
}

@article{de2003introduccao,
  title={Introdu{\c{c}}{\~a}o: para ampliar o c{\^a}none democr{\'a}tico},
  author={De Sousa Santos, Boaventura and Avritzer, Leonardo},
  journal={De moc ratizar a De moc racia: os Caminhos da De moc ra cia Participativa. Col. Reinventar a Emancipa{\c{c}}{\~a}o Social: Para Novos Manifestos},
  volume={1},
  year={2003}
}

@book{decarlo2010extreme,
  title={Extreme project management: Using leadership, principles, and tools to deliver value in the face of volatility},
  author={DeCarlo, Douglas},
  year={2010},
  publisher={John Wiley \& Sons}
}

@book{dinsmore2009ama,
  title={AMA-Manual de Gerenciamento de Projetos},
  author={DINSMORE, PAUL C and CABANIS-BREWIN, JEANNETTE},
  year={2009},
  publisher={Brasport}
}

@article{dinsmore2005pmo,
  title={PMO and best practices},
  author={DINSMORE, Paul},
  journal={Mundo PM, local},
  number={3},
  year={2005}
}

@misc{embrapiiff,
  author = "EMBRAPII",
  title = "POLOS EMBRAPII IF",
  year = "2016",
  url = "http://embrapii.org.br/if-fluminense/",
  note = "[Online; accessed 20-Janeiro-2016]"
}

@article{etzkowitz1998norms,
  title={The norms of entrepreneurial science: cognitive effects of the new university--industry linkages},
  author={Etzkowitz, Henry},
  journal={Research policy},
  volume={27},
  number={8},
  pages={823--833},
  year={1998},
  publisher={Elsevier}
}

@article{etzkowitz2000dynamics,
  title={The dynamics of innovation: from National Systems and “Mode 2” to a Triple Helix of university--industry--government relations},
  author={Etzkowitz, Henry and Leydesdorff, Loet},
  journal={Research policy},
  volume={29},
  number={2},
  pages={109--123},
  year={2000},
  publisher={Elsevier}
}

@article{etzkowitz2003innovation,
  title={Innovation in innovation: The triple helix of university-industry-government relations},
  author={Etzkowitz, Henry},
  journal={Social science information},
  volume={42},
  number={3},
  pages={293--337},
  year={2003},
  publisher={Sage Publications}
}

@article{etzkowitz2004evolution,
  title={The evolution of the entrepreneurial university},
  author={Etzkowitz, Henry},
  journal={International Journal of Technology and Globalisation},
  volume={1},
  number={1},
  pages={64--77},
  year={2004},
  publisher={Inderscience Publishers}
}

@article{etzkowitz2005innovating,
  title={The innovating region: toward a theory of knowledge-based regional development},
  author={Etzkowitz, Henry and Klofsten, Magnus},
  journal={R\&D Management},
  volume={35},
  number={3},
  pages={243--255},
  year={2005},
  publisher={Wiley Online Library}
}

@inproceedings{etzkowitz2007regional,
  title={Regional innovation initiator: the entrepreneurial university in various triple helix models},
  author={Etzkowitz, Henry and Zhou, Chunyan},
  booktitle={Triple Helix 6th Conference theme paper, Singapore},
  year={2007}
}

@article{fernandez2008agile,
  title={Agile project management—agilism versus traditional approaches},
  author={Fernandez, Daniel J and Fernandez, John D},
  journal={Journal of Computer Information Systems},
  volume={49},
  number={2},
  pages={10--17},
  year={2008},
  publisher={Taylor \& Francis}
}

@incollection{fitsilis2008comparing,
  title={Comparing PMBOK and Agile Project Management software development processes},
  author={Fitsilis, Panos},
  booktitle={Advances in Computer and Information Sciences and Engineering},
  pages={378--383},
  year={2008},
  publisher={Springer}
}

@article{fortin2009fundamentos,
  title={Fundamentos e etapas do processo de investiga{\c{c}}{\~a}o},
  author={Fortin, Marie-Fabienne and C{\^o}te, Jos{\'e} and Filion, Fran{\c{c}}oise},
  journal={Loures: Lusodidacta},
  pages={4--568},
  year={2009}
}

@article{ganguly2009evaluating,
  title={Evaluating agility in corporate enterprises},
  author={Ganguly, Anirban and Nilchiani, Roshanak and Farr, John V},
  journal={International Journal of Production Economics},
  volume={118},
  number={2},
  pages={410--423},
  year={2009},
  publisher={Elsevier}
}

@article{geraldi2008innovation,
  title={Innovation in project management: Voices of researchers},
  author={Geraldi, Joana G and Turner, J Rodney and Maylor, Harvey and S{\"o}derholm, Anders and Hobday, Mike and Brady, Tim},
  journal={International Journal of Project Management},
  volume={26},
  number={5},
  pages={586--589},
  year={2008},
  publisher={Elsevier}
}

@article{gil2002elaborar,
  title={Como elaborar projetos de pesquisa},
  author={Gil, Antonio Carlos},
  journal={S{\~a}o Paulo},
  volume={5},
  pages={61},
  year={2002}
}

@article{hass2007blending,
  title={The blending of traditional and agile project management},
  author={Hass, Kathleen B},
  journal={PM world today},
  volume={9},
  number={5},
  pages={1--8},
  year={2007}
}

@article{highsmith2001agile,
  title={Agile software development: The business of innovation},
  author={Highsmith, Jim and Cockburn, Alistair},
  journal={Computer},
  volume={34},
  number={9},
  pages={120--127},
  year={2001},
  publisher={IEEE}
}

@book{highsmith2009agile,
  title={Agile project management: creating innovative products},
  author={Highsmith, Jim},
  year={2009},
  publisher={Pearson Education}
}

@article{ipiranga2012tipo,
  title={O Tipo de Pesquisa e a Coopera{\c{c}}{\~a}o Universidade, Empresa e Governo: uma an{\'a}lise na Rede Nordeste de Biotecnologia},
  author={Ipiranga, Ana Silvia Rocha and da Hora Almeida, Priscilla Corr{\^e}a},
  journal={Organiza{\c{c}}{\~o}es \& Sociedade},
  volume={19},
  number={60},
  year={2012}
}

@article{ivanova2014rotational,
  title={Rotational symmetry and the transformation of innovation systems in a Triple Helix of university--industry--government relations},
  author={Ivanova, Inga A and Leydesdorff, Loet},
  journal={Technological Forecasting and Social Change},
  volume={86},
  pages={143--156},
  year={2014},
  publisher={Elsevier}
}

@book{kerzner2013project,
  title={Project management: a systems approach to planning, scheduling, and controlling},
  author={Kerzner, Harold R},
  year={2013},
  publisher={John Wiley \& Sons}
}

@article{kolltveit2007perspectives,
  title={Perspectives on project management},
  author={Kolltveit, Bj{\o}rn Johs and Karlsen, Jan Terje and Gr{\o}nhaug, Kjell},
  journal={International journal of project management},
  volume={25},
  number={1},
  pages={3--9},
  year={2007},
  publisher={Elsevier}
}

@article{kuhlmann112008logicas,
  title={L{\'o}gicas e evolu{\c{c}}{\~a}o de pol{\'\i}ticas p{\'u}blicas de pesquisa e inova{\c{c}}{\~a}o no contexto da avalia{\c{c}}{\~a}o},
  author={Kuhlmann11, Stefan},
  journal={Avalia{\c{c}}{\~a}o de pol{\'\i}ticas},
  pages={45},
  year={2008}
}

@book{de2007metodologia,
  title={Metodologia cient{\'\i}fica},
  author={de Andrade Marconi, Marina and Lakatos, Eva Maria},
  year={2007},
  publisher={Atlas}
}

@incollection{lakatos2010fundamentos,
  title={Fundamentos da metodologia cient{\'\i}fica},
  author={Lakatos, Eva Maria and Marconi, Marina de Andrade},
  booktitle={Fundamentos da metodologia cient{\'\i}fica},
  year={2010},
  publisher={Altas}
}

@article{landry2006some,
  title={Why are some university researchers more likely to create spin-offs than others? Evidence from Canadian universities},
  author={Landry, Rejean and Amara, Nabil and Rherrad, Imad},
  journal={Research Policy},
  volume={35},
  number={10},
  pages={1599--1615},
  year={2006},
  publisher={Elsevier}
}

@article{larman2003iterative,
  title={Iterative and incremental development: A brief history},
  author={Larman, Craig and Basili, Victor R},
  journal={Computer},
  number={6},
  pages={47--56},
  year={2003},
  publisher={IEEE}
}

@article{lastres2005conhecimento,
  title={Conhecimento, sistemas de inova{\c{c}}{\~a}o e desenvolvimento},
  author={Lastres, Helena MM and Cassiolato, Jos{\'e} E and Arroio, Ana},
  journal={Rio de Janeiro: UFRJ},
  year={2005}
}

@book{leffingwell2007scaling,
  title={Scaling software agility: best practices for large enterprises},
  author={Leffingwell, Dean},
  year={2007},
  publisher={Pearson Education}
}

@article{leybourne2009improvisation,
  title={Improvisation and agile project management: a comparative consideration},
  author={Leybourne, Stephen A},
  journal={International Journal of Managing Projects in Business},
  volume={2},
  number={4},
  pages={519--535},
  year={2009},
  publisher={Emerald Group Publishing Limited}
}

@article{lindvall2004agile,
  title={Agile software development in large organizations},
  author={Lindvall, Mikael and Muthig, Dirk and Dagnino, Aldo and Wallin, Christina and Stupperich, Michael and Kiefer, David and May, John and K{\"a}hk{\"o}nen, Tuomo},
  journal={Computer},
  volume={37},
  number={12},
  pages={26--34},
  year={2004},
  publisher={IEEE}
}

@article{lundvall2010politicas,
  title={Pol{\'\i}ticas de inova{\c{c}}{\~a}o na economia do aprendizado},
  author={Lundvall, Bengt Ake},
  journal={Parcerias estrat{\'e}gicas},
  volume={6},
  number={10},
  pages={200--218},
  year={2010}
}

@article{lycett2004289,
  author={Lycett, M. and Rassau, A. and Danson, J.},
  title={Programme management: A critical review},
  journal={International Journal of Project Management},
  year={2004},
  volume={22},
  number={4},
  pages={289-299},
  doi={10.1016/j.ijproman.2003.06.001},
  note={cited By 135},
  url={https://www.scopus.com/inward/record.uri?eid=2-s2.0-1642487670&partnerID=40&md5=6fb21ee37847cc71e216a3b1f445a3da}
}

@article{magdaleno2012reconciling,
  title={Reconciling software development models: A quasi-systematic review},
  author={Magdaleno, Andr{\'e}a Magalh{\~a}es and Werner, Cl{\'a}udia Maria Lima and De Araujo, Renata Mendes},
  journal={Journal of Systems and Software},
  volume={85},
  number={2},
  pages={351--369},
  year={2012},
  publisher={Elsevier}
}

@article{mafakheri2008project,
  title={Project agility assessment: an integrated decision analysis approach},
  author={Mafakheri, Fereshteh and Nasiri, Fuzhan and Mousavi, Mahmood},
  journal={Production Planning and Control},
  volume={19},
  number={6},
  pages={567--576},
  year={2008},
  publisher={Taylor \& Francis}
}

@article{malachiasproject,
  title={Project Model Canvas: Planejamento em uma folha},
  author={MALACHIAS, Iago},
  journal={Revista Mundo Project Management. Curitiba},
  number={49}
}

@book{meredith2011project,
  title={Project management: a managerial approach},
  author={Meredith, Jack R and Mantel Jr, Samuel J},
  year={2011},
  publisher={John Wiley \& Sons}
}

@article{mir2014exploring,
  title={Exploring the value of project management: linking project management performance and project success},
  author={Mir, Farzana Asad and Pinnington, Ashly H},
  journal={International Journal of Project Management},
  volume={32},
  number={2},
  pages={202--217},
  year={2014},
  publisher={Elsevier}
}

@article{mueller2006exploring,
  title={Exploring the knowledge filter: How entrepreneurship and university--industry relationships drive economic growth},
  author={Mueller, Pamela},
  journal={Research policy},
  volume={35},
  number={10},
  pages={1499--1508},
  year={2006},
  publisher={Elsevier}
}

@article{otranto2010criaccao,
  title={Cria{\c{c}}{\~a}o e implanta{\c{c}}{\~a}o dos institutos federais de educa{\c{c}}{\~a}o, ci{\^e}ncia e tecnologia--Ifets},
  author={Otranto, Celia Regina},
  journal={Revista Retta},
  volume={1},
  pages={89--110},
  year={2010}
}

@book{palmer2001practical,
  title={A practical guide to feature-driven development},
  author={Palmer, Steve R and Felsing, Mac},
  year={2001},
  publisher={Pearson Education}
}

@inproceedings{pmiguide2001,
  title={Project Management Body of Knowledge (PMBOK{\textregistered} GUIDE)},
  author={Guide, A},
  booktitle={Project Management Institute},
  year={2001}
}

@inproceedings{pmi2006,
  title={The Standard for Portfolio Management},
  author={PMI},
  booktitle={Project Management Institute},
  year={2006}
}

@article{Pemsel201331,
  title = "Project management office a knowledge broker in project-based organisations ",
  journal = "International Journal of Project Management ",
  volume = "31",
  number = "1",
  pages = "31 - 42",
  year = "2013",
  note = "The International Network for Business and Management Journals (INBAM) 2012 ",
  issn = "0263-7863",
  doi = "http://dx.doi.org/10.1016/j.ijproman.2012.03.004",
  url = "http://www.sciencedirect.com/science/article/pii/S0263786312000464",
  author = "Sofia Pemsel and Anna Wiewiora",
  keywords = "Knowledge management",
  keywords = "Knowledge sharing",
  keywords = "Project management office",
  keywords = "Project manager",
  keywords = "Project-based organisation "
}

@article{Pollack2016831,
  title = "Skills that improve profitability: The relationship between project management, \{IT\} skills, and small to medium enterprise profitability ",
  journal = "International Journal of Project Management ",
  volume = "34",
  number = "5",
  pages = "831 - 838",
  year = "2016",
  note = "",
  issn = "0263-7863",
  doi = "http://dx.doi.org/10.1016/j.ijproman.2016.03.004",
  url = "http://www.sciencedirect.com/science/article/pii/S0263786316300035",
  author = "Julien Pollack and Daniel Adler",
  keywords = "Project management",
  keywords = "Information technology",
  keywords = "Small to medium enterprise",
  keywords = "Profitability",
  keywords = "Sales",
  keywords = "Business skills "
}

@inproceedings{poppendieck2007lean,
  title={Lean software development},
  author={Poppendieck, Mary},
  booktitle={Companion to the proceedings of the 29th International Conference on Software Engineering},
  pages={165--166},
  year={2007},
  organization={IEEE Computer Society}
}

@article{qumer2008evaluation,
  title={An evaluation of the degree of agility in six agile methods and its applicability for method engineering},
  author={Qumer, Asif and Henderson-Sellers, Brian},
  journal={Information and software technology},
  volume={50},
  number={4},
  pages={280--295},
  year={2008},
  publisher={Elsevier}
}

@inproceedings{qumer2010empirical,
  title={Empirical evaluation of the agile process lifecycle management framework},
  author={Qumer, Asif and Henderson-Sellers, Brian},
  booktitle={Research Challenges in Information Science (RCIS), 2010 Fourth International Conference on},
  pages={213--222},
  year={2010},
  organization={IEEE}
}

@article{Serrador20151040,
  title = "Does Agile work? — A quantitative analysis of agile project success ",
  journal = "International Journal of Project Management ",
  volume = "33",
  number = "5",
  pages = "1040 - 1051",
  year = "2015",
  note = "",
  issn = "0263-7863",
  doi = "http://dx.doi.org/10.1016/j.ijproman.2015.01.006",
  url = "http://www.sciencedirect.com/science/article/pii/S0263786315000071",
  author = "Pedro Serrador and Jeffrey K. Pinto",
  keywords = "Success",
  keywords = "Agile",
  keywords = "Methodology",
  keywords = "Efficiency "
}

@book{saens2002ciencia,
  title={Ci{\^e}ncia, inova{\c{c}}{\~a}o e gest{\~a}o tecnol{\'o}gica},
  author={Saens, Tirso W},
  year={2002},
  publisher={CNI/IEL/SENAI/ABIPTI}
}

@book{shane2004academic,
  title={Academic entrepreneurship: University spinoffs and wealth creation},
  author={Shane, Scott Andrew},
  year={2004},
  publisher={Edward Elgar Publishing}
}

@book{shenhar2007reinventing,
  title={Reinventing project management: the diamond approach to successful growth and innovation},
  author={Shenhar, Aaron J and Dvir, Dov},
  year={2007},
  publisher={Harvard Business Review Press}
}

@book{schwaber2004agile,
  title={Agile project management with Scrum},
  author={Schwaber, Ken},
  year={2004},
  publisher={Microsoft press}
}

@book{smith2007flexible,
  title={Flexible product development: building agility for changing markets},
  author={Smith, Preston G},
  year={2007},
  publisher={John Wiley \& Sons}
}

@article{vspundak2014mixed,
  title={Mixed Agile/Traditional Project Management Methodology--Reality or Illusion?},
  author={{\v{S}}pundak, Mario},
  journal={Procedia-Social and Behavioral Sciences},
  volume={119},
  pages={939--948},
  year={2014},
  publisher={Elsevier}
}

@article{Ramos2016902,
  title = "Exploring the management style of Brazilians project managers ",
  journal = "International Journal of Project Management ",
  volume = "34",
  number = "6",
  pages = "902 - 913",
  year = "2016",
  note = "",
  issn = "0263-7863",
  doi = "http://dx.doi.org/10.1016/j.ijproman.2016.03.002",
  url = "http://www.sciencedirect.com/science/article/pii/S0263786316300011",
  author = "Pamela Ramos and Caroline Mota and Luciana Corrêa",
  keywords = "Management style",
  keywords = "Project management",
  keywords = "Project managers",
  keywords = "Organizational behavior",
  keywords = "Survey "
}

@article{rapini2007interaccao,
  title={Intera{\c{c}}{\~a}o Universidade-Empresa no Brasil em 2002 e 2004: Uma aproxima{\c{c}}{\~a}o a partir dos grupos de pesquisa do CNPq},
  author={Rapini, M{\'a}rcia Siqueira and Righi, H{\'e}rica Morais and others},
  journal={Revista Economia},
  volume={8},
  number={2},
  pages={248--268},
  year={2007}
}

@article{Rijke20141197,
  title = "Adaptive programme management through a balanced performance/strategy oriented focus ",
  journal = "International Journal of Project Management ",
  volume = "32",
  number = "7",
  pages = "1197 - 1209",
  year = "2014",
  note = "",
  issn = "0263-7863",
  doi = "http://dx.doi.org/10.1016/j.ijproman.2014.01.003",
  url = "http://www.sciencedirect.com/science/article/pii/S0263786314000040",
  author = "Jeroen Rijke and Sebastiaan van Herk and Chris Zevenbergen and Richard Ashley and Marcel Hertogh and Ernst ten Heuvelhof",
  keywords = "Adaptive programme management",
  keywords = "Alignment",
  keywords = "Flood protection",
  keywords = "Netherlands",
  keywords = "Programme management",
  keywords = "Programme success",
  keywords = "Project management",
  keywords = "Room for the River",
  keywords = "Stakeholder engagement "
}

@article{ristoff2011expansao,
  title={A expans{\~a}o da educa{\c{c}}{\~a}o superior brasileira: tend{\^e}ncias e desafios},
  author={Ristoff, Dilvo and Fern{\'a}ndez Lamarra, Norberto and De Paula, Mar{\'\i}a de F{\'a}tima},
  journal={Reformas e democratiza{\c{c}}{\~a}o da educa{\c{c}}{\~a}o superior no Brasil e na Am{\'e}rica Latina. Aparecida-SP: Id{\'e}ias \& Letras},
  year={2011}
}

@article{sbragia2006inovaccao,
  title={Inova{\c{c}}{\~a}o: como vencer esse desafio empresarial},
  author={Sbragia, Roberto and Stal, Eva and CAMPAN{\'A}RIO, M de A and Andreassi, Tales},
  journal={S{\~a}o Paulo: Clio Editora},
  year={2006}
}

@article{stare2014agile,
  title={Agile Project Management in Product Development Projects},
  author={Stare, Alja{\v{z}}},
  journal={Procedia-Social and Behavioral Sciences},
  volume={119},
  pages={295--304},
  year={2014},
  publisher={Elsevier}
}

@article{styhre2006bureaucratization,
  title={The bureaucratization of the project manager function: The case of the construction industry},
  author={Styhre, Alexander},
  journal={International Journal of Project Management},
  volume={24},
  number={3},
  pages={271--276},
  year={2006},
  publisher={Elsevier}
}

@article{Svejvig2015278,
  title = "Rethinking project management: A structured literature review with a critical look at the brave new world ",
  journal = "International Journal of Project Management ",
  volume = "33",
  number = "2",
  pages = "278 - 290",
  year = "2015",
  note = "",
  issn = "0263-7863",
  doi = "http://dx.doi.org/10.1016/j.ijproman.2014.06.004",
  url = "http://www.sciencedirect.com/science/article/pii/S0263786314001008",
  author = "Per Svejvig and Peter Andersen",
  keywords = "Rethinking project management",
  keywords = "Literature review",
  keywords = "Project management research",
  keywords = "Classical project management "
}

@article{tijssen2006universities,
  title={Universities and industrially relevant science: Towards measurement models and indicators of entrepreneurial orientation},
  author={Tijssen, Robert JW},
  journal={Research Policy},
  volume={35},
  number={10},
  pages={1569--1585},
  year={2006},
  publisher={Elsevier}
}

@book{toffler1990future,
  title={Future shock},
  author={Toffler, Alvin},
  year={1990},
  publisher={Bantam}
}

% no lugar de andersen 2006
@book{turner2010perspectives,
  title={Perspectives on projects},
  author={Turner, Rodney J and Huemann, Martina and Anbari, Frank T and Bredillet, Christophe N},
  year={2010},
  publisher={Routledge}
}

@book{turner2014handbook,
  title={The handbook of project-based management},
  author={Turner, J Rodney},
  volume={92},
  year={2014},
  publisher={McGraw-hill}
}

@article{vedovello2006capacidade,
  title={Capacidade tecnol{\'o}gica industrial e sistema de inova{\c{c}}{\~a}o},
  author={VEDOVELLO, Concei{\c{c}}{\~a}o and Figueiredo, Paulo N},
  journal={FGV, Rio de Janeiro},
  year={2006}
}

@article{vergara2009projetos,
  title={Projetos e relat{\'o}rios de pesquisa em administra{\c{c}}{\~a}o. S{\~a}o Paulo: Atlas, 2000},
  author={VERGARA, Sylvia Constant},
  journal={M{\'e}todos de pesquisa em administra{\c{c}}{\~a}o},
  volume={3},
  year={2009}
}

@article{welsh2008close,
  title={Close enough but not too far: assessing the effects of university--industry research relationships and the rise of academic capitalism},
  author={Welsh, Rick and Glenna, Leland and Lacy, William and Biscotti, Dina},
  journal={Research Policy},
  volume={37},
  number={10},
  pages={1854--1864},
  year={2008},
  publisher={Elsevier}
}

@article{williams2005assessing,
  title={Assessing and moving on from the dominant project management discourse in the light of project overruns},
  author={Williams, Terry},
  journal={Engineering Management, IEEE Transactions on},
  volume={52},
  number={4},
  pages={497--508},
  year={2005},
  publisher={IEEE}
}

@article{winter2006directions,
  title={Directions for future research in project management: The main findings of a UK government-funded research network},
  author={Winter, Mark and Smith, Charles and Morris, Peter and Cicmil, Svetlana},
  journal={International journal of project management},
  volume={24},
  number={8},
  pages={638--649},
  year={2006},
  publisher={Elsevier}
}

@book{wysocki2011effective,
  title={Effective project management: traditional, agile, extreme},
  author={Wysocki, Robert K},
  year={2011},
  publisher={John Wiley \& Sons}
}

@article{yusuf2004agile,
  title={Agile supply chain capabilities: Determinants of competitive objectives},
  author={Yusuf, YY and Gunasekaran, Angappa and Adeleye, EO and Sivayoganathan, K},
  journal={European Journal of Operational Research},
  volume={159},
  number={2},
  pages={379--392},
  year={2004},
  publisher={Elsevier}
}
